\
@misc{obr_efo,
  title = {Economic and Fiscal Outlook},
  author = {{Office for Budget Responsibility}},
  year = {2025}
}
